<?xml version="1.0" encoding="UTF-8"?><collection xmlns="http://www.loc.gov/MARC21/slim"><record><leader>00400nam--2200133-i-4500</leader><controlfield tag="001">000033600</controlfield><controlfield tag="002">20161230</controlfield><controlfield tag="005">20161230201039</controlfield><controlfield tag="008">060222s1000------------r-----000-0-eng-d</controlfield><datafield ind1=" " ind2=" " tag="080"><subfield code="a">551.5(043)</subfield></datafield><datafield ind1=" " ind2=" " tag="100"><subfield code="a">Morcrette, Jefan-jacques</subfield></datafield><datafield ind1=" " ind2=" " tag="245"><subfield code="a">Sur la parmetrisation du rayonnement dans les models de la circulation...these</subfield></datafield><datafield ind1=" " ind2=" " tag="260"><subfield code="a">Paris, Univ.De Sciences Et Techniques, 1984. 373p</subfield></datafield><datafield ind1=" " ind2=" " tag="852"><subfield code="a">74029</subfield></datafield></record></collection>